% Encoding: UTF-8

@Article{Janusonis_2016,
  author    = {J. Janusonis and T. Jansma and C. L. Chang and Q. Liu and A. Gatilova and A. M. Lomonosov and V. Shalagatskyi and T. Pezeril and V. V. Temnov and R. I. Tobey},
  title     = {Transient Grating Spectroscopy in Magnetic Thin Films: Simultaneous Detection of Elastic and Magnetic Dynamics},
  journal   = {Scientific Reports},
  year      = {2016},
  volume    = {6},
  pages     = {29143},
  month     = {jul},
  doi       = {10.1038/srep29143},
  publisher = {Springer Nature},
  url       = {http://dx.doi.org/10.1038/srep29143},
}

@TechReport{Besse_report1_2016,
  author      = {V. Besse and P. Gaal and M. Sanders and V. Temnov},
  title       = {Report 1: Ultrafast Lattice Deformation - Numerical Investigation},
  institution = {Institut des Molecules et Materiaux du Mans},
  year        = {2016},
  type        = {Research Report},
  number      = {1},
  month       = dec,
  abstract    = {In this report, we present the numerical results that correspond to the temperature dynamics and the thermal expansion as a function of time of a two layers sample.},
}

@Article{Hao_2001,
  author    = {H.-Y. Hao and H. J. Maris},
  title     = {Experiments with acoustic solitons in crystalline solids},
  journal   = {Physical Review B},
  year      = {2001},
  volume    = {64},
  number    = {6},
  month     = {jul},
  doi       = {10.1103/physrevb.64.064302},
  publisher = {American Physical Society ({APS})},
}

@Article{Wdowik_2011,
  author    = {Urszula D Wdowik and Bachir Ouladdiaf and Tapan Chatterji},
  title     = {Structural and thermal properties of {LaMnO} 3 from neutron diffraction and first principles studies},
  journal   = {Journal of Physics: Condensed Matter},
  year      = {2011},
  volume    = {23},
  number    = {24},
  pages     = {245402},
  month     = {may},
  doi       = {10.1088/0953-8984/23/24/245402},
  publisher = {{IOP} Publishing},
}

@TechReport{Sanders_poster_2016,
  author      = {M. Sander and J. Pudell and A. Koc and C. Kwamen and N. Weinkauf and F. Zamponi and M. Herzog and M. Bargheer and J. Schwarzkopf and P. Gaal},
  title       = {Ultrafast lattice defor;ations studied by UXRD},
  institution = {Institut fur Physik und Astronomie, Universitat Potsdam},
  year        = {2016},
}

@TechReport{Besse_report2_2017,
  author      = {V. Besse and P. Gaal and M. Sanders and V. Temnov},
  title       = {Report 2: Ultrafast Lattice Deformation - Numerical Investigation},
  institution = {Institut des Molecules et Materiaux du Mans},
  year        = {2017},
  type        = {Research report},
  number      = {2},
  month       = jan,
}

@Article{Dey2003,
  author   = {T.K. Dey},
  title    = {Nature of heat conduction in manganese perovskites at cryogenic temperatures},
  journal  = {Indian Journal of Pure \& Applied Physics},
  year     = {2003},
  volume   = {41},
  number   = {6},
  pages    = {417-422},
  month    = jun,
  issn     = {0975-1041},
  keywords = {Heat conduction, Manganese perovskites, Manganites, Colossal magnetic resistance},
  url      = {http://nopr.niscair.res.in/handle/123456789/25097},
}

@TechReport{Besse_report3_2017,
  author      = {V. Besse and P. Gaal and M. Sanders and V. Temnov},
  title       = {Report 3: Ultrafast Lattice Deformation - Determination of the thermal conductivity and the thermal resistance},
  institution = {Institut des Molecules et Materiaux du Mans},
  year        = {2017},
  type        = {Research report},
  number      = {3},
  month       = jan,
}

@article{DLNiu_2005,
  title={Thermal diffusivity of $\mathrm{La}_{0.6}\mathrm{Sr}_{0.4}\mathrm{Mn}\mathrm{O}_{3}$ investigated by transient thermal frating technique},
  author={D.L. Niu and X.J. Liu and Q.J. Huang and S.Y. Zhang},
  journal={Journal de Physique IV},
  volume={125},
  pages={249-251},
  month = jun,
  year={2005},
}

@article{SYamanaka_2004,
  title={Thermophysical properties of $\mathrm{SrHfO}_{3}$ and $\mathrm{SrRuO}_{3}$},
  author={Shinsuke Yamanaka and Takuji Maekawa and Hiroaki Muta and Tetsushi Matsuda and Shin-ichi Kobayashi and Ken Kurosaki},
  journal={Journal of Solid State Chemistry},
  volume={177},
  pages={3484-3489},
  month = aug,
  year={2004},
  publisher = {Elsevier},
}

@Comment{jabref-meta: databaseType:bibtex;}
